@inproceedings{caprimap,
author      = "M. Berz",
title       = "Symplectic Tracking in Circular Accelerators with High Order
               Maps",
pages       = "288",
booktitle   = "Nonlinear Problems in Future Particle Accelerators",
publisher   = "World Scientific",
year        = "1991"}   

@inbook{monthnf,
author      = "M. Berz",
title       = "High-Order Computation and Normal Form Analysis of
               Repetitive Systems, in: M. {M}onth ({E}d),
               Physics of Particle Accelerators",
volume      = "249",
pages       = "456",
publisher   = "American Institute of Physics",
address     = "New York",
year        = "1991"}

@article{rdaint,
author      = "M. Berz and K. Makino",
title       = "Verified Integration of {ODE}s and Flows using
               Differential Algebraic Methods on High-Order {T}aylor Models",
journal     = "Reliable Computing",
volume      = "4",
number      = "4",
pages       = "361-369",
year        = "1998"}

@article{go00,
author      = "K. Makino and M. Berz",
title       = "Verified Global Optimization with {T}aylor Model Methods", 
journal     = "International Journal of Computer Research",
volume      = "12,2",
pages       = "245--252",
year        = "2003"}

@article{FMMCPO2010,
title = "The Fast Multipole Method in the Differential Algebra Framework",
journal = " Nuclear Instruments and Methods A 645",
pages = {338-344},
year = "2011",
note = "",
author = "H. Zhang and M. Berz"
}

@misc{pyTPSA,
  author = {H. Zhang},
  title = {{pyTPSA}: A {Python TPSA} lib},
  year = {2021},
  publisher = {GitHub},
  journal = {GitHub repository},
  url = {https://github.com/zhanghe9704/tpsa-python}
}

@book{AIEP108book,
author      = "M. Berz",
title       = "Modern Map Methods in Particle Beam Physics",
publisher   = "Academic Press",
address     = "San Diego",
year        = "1999",
ISBN        = "0-12-014750-5",
note        = "{A}lso available at http://bt.pa.msu.edu/pub"}

@techreport{chao2002lecture,
  title={Lecture notes on topics in accelerator physics},
  author={Chao, A. W.},
  year={2002},
  institution={Stanford Linear Accelerator Center, Menlo Park, CA (US)}
}

@article{COSYCAP04,
author      = "K. Makino and M. Berz",
title       = "{COSY INFINITY} Version 9",
journal     = "Nuclear Instruments and Methods",
volume      = "558",
pages       = "346-350",
year        = "2005"}

@article{forest2002introduction,
  title={Introduction to the polymorphic tracking code},
  author={Forest, Etienne and Schmidt, Frank and McIntosh, Eric},
  journal={KEK report},
  volume={3},
  pages={2002},
  year={2002}
}

@techreport{deniau2017mad,
  title={The {MAD-X} Program, version 5.07.00, Userâ€™s Reference Manual},
  author={Deniau, Laurent and Grote, Hans and Roy, Ghislain and Schmidt, Frank},
  institution={{CERN}},
  year={2017}
}

@incollection{massari2018differential,
  title={Differential Algebra software library with automatic code generation for space embedded applications},
  author={Massari, M. and Di Lizia, Pierluigi and Cavenago, Francesco and Wittig, Alexander},
  booktitle={2018 AIAA Information Systems-AIAA Infotech@ Aerospace},
  pages={0398},
  year={2018}
}

@misc{DACE,
  author = {Massari, M. and Wittig, A.},
  title = {DACE: The Differential Algebra Computational Toolbox},
  year = {2021},
  publisher = {GitHub},
  journal = {GitHub repository},
  url = {https://github.com/dacelib/dace}
}